@article{Meerheim2006,
author = {Meerheim, Rico and Walzer, Karsten and Pfeiffer, Martin and Leo, Karl},
doi = {10.1063/1.2268354},
issn = {0003-6951},
journal = {Applied Physics Letters},
month = {aug},
number = {6},
pages = {061111},
title = {{Ultrastable and efficient red organic light emitting diodes with doped transport layers}},
url = {http://aip.scitation.org/doi/10.1063/1.2268354},
volume = {89},
year = {2006}
}
